@manual{Opera,
	title	     = "Opera Reference Manual",
	organization = "Cobham Technical Services,  Vector Fields Software",
	address      = "Aurora IL 60505, USA"
}
@article{Bergsma:2002ac,
      author         = "Bergsma, F. and others",
      title          = "{The STAR detector magnet subsystem}",
      collaboration  = "STAR",
      journal        = "Nucl. Instrum. Meth.",
      volume         = "A499",
      year           = "2003",
      pages          = "633-639",
      doi            = "10.1016/S0168-9002(02)01961-7",
      SLACcitation   = "%%CITATION = NUIMA,A499,633;%%"
}
@article{Klyukhin:2011df,
      author         = "Klyukhin, V. I. and others",
      title          = "{The CMS Magnetic Field Map Performance}",
      journal        = "IEEE Trans. Appl. Supercond.",
      volume         = "20",
      year           = "2010",
      pages          = "152-155",
      doi            = "10.1109/TASC.2010.2041200",
      eprint         = "1110.0607",
      archivePrefix  = "arXiv",
      primaryClass   = "physics.ins-det",
      SLACcitation   = "%%CITATION = ARXIV:1110.0607;%%"
}
@article{Aleksa:2008zza,
      author         = "Aleksa, M. and others",
      title          = "{Measurement of the ATLAS solenoid magnetic field}",
      journal        = "JINST",
      volume         = "3",
      year           = "2008",
      pages          = "P04003",
      doi            = "10.1088/1748-0221/3/04/P04003",
      SLACcitation   = "%%CITATION = JINST,3,P04003;%%"
}
